@inproceedings{chen_etal_DesigningHealthTechnologies_2025,
  title = {Designing Health Technologies for Immigrant Communities: {{Exploring}} Healthcare Providers' Communication Strategies with Patients},
  booktitle = {Proceedings of the 2025 {{CHI}} Conference on Human Factors in Computing Systems},
  author = {Chen, Zhanming and Ghaju, Alisha and Hang, May and Maestre, Juan Fernando and Shin, Ji Youn},
  year = 2025,
  series = {{{CHI}} '25},
  publisher = {Association for Computing Machinery},
  address = {New York, NY, USA},
  doi = {10.1145/3706598.3713782},
  isbn = {979-8-4007-1394-1},
  langid = {english}
}

@inproceedings{chen_etal_EmpoweringFarmingCommunities_2025,
  title = {Empowering Farming Communities through Information Tracking: A Design Approach to Crop Planning and Management},
  booktitle = {Proceedings of the Extended Abstracts of the {{CHI}} Conference on Human Factors in Computing Systems},
  author = {Chen, Zhanming and Lu, Minghe and Zhao, Minzhu and Luo, Gaoxiang and Withey, Benjamin and Yong, Seraphina and Shin, Ji Youn},
  year = 2025,
  series = {{{CHI EA}} '25},
  publisher = {Association for Computing Machinery},
  address = {New York, NY, USA},
  doi = {10.1145/3706599.3719713},
  isbn = {979-8-4007-1395-8},
  langid = {english}
}

@article{chen_etal_UserDefinedFootGestures_2023,
  title = {User-{{Defined Foot Gestures}} for {{Eyes-Free Interaction}} in {{Smart Shower Rooms}}},
  author = {Chen, Zhanming and Tu, Huawei and Wu, Huiyue},
  year = 2023,
  month = dec,
  journal = {International Journal of Human--Computer Interaction},
  volume = {39},
  number = {20},
  pages = {4139--4161},
  issn = {1044-7318},
  doi = {10.1080/10447318.2022.2109260},
  langid = {english},
  lccn = {3}
}

@inproceedings{ghaju_etal_SupportingHealthcareProviders_2024,
  title = {Supporting Healthcare Providers' Motivations for Caring for Patients in Underserved Communities},
  booktitle = {Companion Publication of the 2024 Conference on Computer-Supported Cooperative Work and Social Computing},
  author = {Ghaju, Alisha and Chen, Zhanming and Hang, May and Shin, Ji Youn},
  year = 2024,
  series = {{{CSCW}} Companion '24},
  pages = {459--464},
  publisher = {Association for Computing Machinery},
  address = {New York, NY, USA},
  doi = {10.1145/3678884.3681891},
  isbn = {979-8-4007-1114-5},
  langid = {english}
}
@Manual{R-base,
  title = {R: A Language and Environment for Statistical Computing},
  author = {{R Core Team}},
  organization = {R Foundation for Statistical Computing},
  address = {Vienna, Austria},
  year = {2025},
  url = {https://www.R-project.org/},
}
@Manual{R-papaja,
  title = {{papaja}: {Prepare} reproducible {APA} journal articles with {R Markdown}},
  author = {Frederik Aust and Marius Barth},
  year = {2025},
  note = {R package version 0.1.4},
  url = {https://github.com/crsh/papaja},
  doi = {10.32614/CRAN.package.papaja},
}
@Manual{R-tinylabels,
  title = {{tinylabels}: Lightweight variable labels},
  author = {Marius Barth},
  year = {2025},
  note = {R package version 0.2.5},
  url = {https://cran.r-project.org/package=tinylabels},
  doi = {10.32614/CRAN.package.tinylabels},
}
